<?xml version="1.0" encoding="UTF-8" ?>
<collection xmlns:xsi="http://www.w3.org/2001/XMLSchema-instance"
    xsi:schemaLocation="http://www.loc.gov/MARC21/slim
        http://www.loc.gov/standards/marcxml/schema/MARC21slim.xsd"
    xmlns="http://www.loc.gov/MARC21/slim">
<record>
  <leader>00312cam a2200625 ia4500</leader>
  <controlfield tag="001">b12460904</controlfield>
  <controlfield tag="003">LeBAU</controlfield>
  <controlfield tag="005">20190826</controlfield>
  <controlfield tag="008">970524m19361941ti            ||1 0 ara d</controlfield>
  <datafield tag="035" ind1=" " ind2=" ">
    <subfield code="a">ocn784325875</subfield>
  </datafield>
  <datafield tag="040" ind1=" " ind2=" ">
    <subfield code="a">LEAUB</subfield>
    <subfield code="b">ara</subfield>
    <subfield code="e">rda</subfield>
    <subfield code="c">LEAUB</subfield>
    <subfield code="d">LEAUB</subfield>
  </datafield>
  <datafield tag="082" ind1="0" ind2="4">
    <subfield code="a">349.611</subfield>
    <subfield code="2">20</subfield>
  </datafield>
  <datafield tag="110" ind1="1" ind2=" ">
    <subfield code="6">880-01</subfield>
    <subfield code="a">Tunisia,</subfield>
    <subfield code="e">issuing body.</subfield>
  </datafield>
  <datafield tag="240" ind1="1" ind2="0">
    <subfield code="6">880-02</subfield>
    <subfield code="a">Laws, etc.</subfield>
  </datafield>
  <datafield tag="245" ind1="1" ind2="0">
    <subfield code="6">880-03</subfield>
    <subfield code="a">Majmūʻat al-qawānīn al-Tūnisīyah :</subfield>
    <subfield code="b">mudhayyalah bi-shurūḥ wa-taʻālīq.</subfield>
  </datafield>
  <datafield tag="246" ind1="1" ind2=" ">
    <subfield code="6">880-04</subfield>
    <subfield code="i">عنوان المجلدات [2-4]:</subfield>
    <subfield code="a">Nashrat majmūʻat al-qawānīn al-Tūnisīyah</subfield>
  </datafield>
  <datafield tag="264" ind1=" " ind2="1">
    <subfield code="6">880-05</subfield>
    <subfield code="a">Tūnis :</subfield>
    <subfield code="b">al-Maṭbaʻah al-Tūnisīyah,</subfield>
    <subfield code="c">1936-[1941]</subfield>
  </datafield>
  <datafield tag="300" ind1=" " ind2=" ">
    <subfield code="6">880-06</subfield>
    <subfield code="a">8 volumes ;</subfield>
    <subfield code="c">28 cm</subfield>
  </datafield>
  <datafield tag="336" ind1=" " ind2=" ">
    <subfield code="a">text</subfield>
    <subfield code="b">txt</subfield>
    <subfield code="2">rdacontent</subfield>
  </datafield>
  <datafield tag="337" ind1=" " ind2=" ">
    <subfield code="a">unmediated</subfield>
    <subfield code="b">n</subfield>
    <subfield code="2">rdamedia</subfield>
  </datafield>
  <datafield tag="338" ind1=" " ind2=" ">
    <subfield code="a">volume</subfield>
    <subfield code="b">nc</subfield>
    <subfield code="2">rdacarrier</subfield>
  </datafield>
  <datafield tag="500" ind1=" " ind2=" ">
    <subfield code="a">"مذيل بشروح وتعاليق ومتمم بما جاء في تنقيحه من النصوص لناشريه محمد الطاهر السنوسي، حاكم التحقيق سابقاً - المحامي بتونس، صالح رضا الأحمر، المترجم بوزارة العدلية والمجلس الكبير، الهاشمي السبعي، رئيس دائرة الحالة الشخصية والنزاعات العقارية بوزارة العدلية."--المجلد الثاني، الجزء الاول.</subfield>
  </datafield>
  <datafield tag="500" ind1=" " ind2=" ">
    <subfield code="a">3 اجزاء ببليوغرافية في 8 اجزاء مادية.</subfield>
  </datafield>
  <datafield tag="500" ind1=" " ind2=" ">
    <subfield code="a">"مجلة شهرية تحتوي على جميع القوانين الجاري بها العمل بالايالة التونسية مع ما عليها من شروح، ادارة المجلة بشارع باب بنات رقم 7 تونس صاحب الامتياز محمد الطاهر السنوسي، الاشتراك السنوي 30 ف. مطبعة العرب - تونس."--الصفحة التي تسبق صفحة العنوان.</subfield>
  </datafield>
  <datafield tag="500" ind1=" " ind2=" ">
    <subfield code="a">يتضمن كشافات.</subfield>
  </datafield>
  <datafield tag="505" ind1="0" ind2="0">
    <subfield code="a">مجموعة القوانين التونسية:</subfield>
    <subfield code="g">المجلد الاول، الجزء الاول.</subfield>
    <subfield code="t">يشتمل على النصوص القانونية التونسية الصادرة من سنة 1258 هـ، 1842 م الى سنة 1318 هـ، 1900 م --</subfield>
    <subfield code="g">[المجلد الاول، الجزء الثاني].</subfield>
    <subfield code="t">فهرس مجموعة القوانين بحسب الترتيب التاريخي للاوامر والقرارات المدرجة بالجزء الاول من مجلد عام 1345-1355 هـ، 1936 م : يحوي الاوامر والقرارات الصادرة خلال عام 1936 -غير كاملة- --</subfield>
    <subfield code="g">[المجلد الثاني، الجزء الاول].</subfield>
    <subfield code="t">قانون المرافعات الجنائي --</subfield>
    <subfield code="g">[المجلد الثاني، الجزء الثاني].</subfield>
    <subfield code="t">المجلة الجنائية --</subfield>
    <subfield code="g">[المجلد الثالث]، الجزء الاول-[المجلد الثالث، الجزء الثالث].</subfield>
    <subfield code="t">الاوامر الزجرية --</subfield>
    <subfield code="g">[المجلد الرابع].</subfield>
    <subfield code="t">اوامر الاكرية (الاجار) -غير كامل-</subfield>
  </datafield>
  <datafield tag="588" ind1=" " ind2=" ">
    <subfield code="a">تاريخ نشر المجلد الرابع اخذ من الصفحة الاخيرة من المجلد نفسه.</subfield>
  </datafield>
  <datafield tag="590" ind1=" " ind2=" ">
    <subfield code="a">من المرجح ان بعض الاجزاء مفتقدة.</subfield>
  </datafield>
  <datafield tag="590" ind1=" " ind2=" ">
    <subfield code="a">تم ترقيم الاجزاء من قبل المفهرس.</subfield>
  </datafield>
  <datafield tag="650" ind1=" " ind2="4">
    <subfield code="a">القانون</subfield>
    <subfield code="z">تونس.</subfield>
  </datafield>
  <datafield tag="650" ind1=" " ind2="0">
    <subfield code="a">Law</subfield>
    <subfield code="z">Tunisia.</subfield>
  </datafield>
  <datafield tag="700" ind1="1" ind2=" ">
    <subfield code="6">880-07</subfield>
    <subfield code="a">Sanūsī, Muḥammad al-Ṭāhir.</subfield>
    <subfield code="e">compiler.</subfield>
    <subfield code="0">https://lccn.loc.gov/n83053182 ,</subfield>
  </datafield>
  <datafield tag="700" ind1="1" ind2=" ">
    <subfield code="6">880-08</subfield>
    <subfield code="a">Aḥmar, Ṣāliḥ Riḍā ,</subfield>
    <subfield code="e">compiler.</subfield>
  </datafield>
  <datafield tag="700" ind1="1" ind2=" ">
    <subfield code="6">880-09</subfield>
    <subfield code="a">Sebaï, Hechmi,</subfield>
    <subfield code="e">compiler.</subfield>
    <subfield code="d">1904-1984.</subfield>
    <subfield code="0">https://lccn.loc.gov/n2014026901 ,</subfield>
  </datafield>
  <datafield tag="852" ind1=" " ind2=" ">
    <subfield code="a">Jafet Library</subfield>
    <subfield code="e">American University of Beirut, Bliss Street , Beirut, Lebanon.</subfield>
  </datafield>
  <datafield tag="880" ind1="1" ind2="0">
    <subfield code="6">240-02/(3/r</subfield>
    <subfield code="a">قوانين، إلخ.</subfield>
  </datafield>
  <datafield tag="880" ind1="1" ind2=" ">
    <subfield code="6">110-01/(3/r</subfield>
    <subfield code="a">تونس،</subfield>
    <subfield code="e">هيئة اصدار. </subfield>
    <subfield code="4">isb.</subfield>
  </datafield>
  <datafield tag="880" ind1="1" ind2="0">
    <subfield code="6">245-03/(3/r</subfield>
    <subfield code="a">مجموعة القوانين التونسية :</subfield>
    <subfield code="b">مذيلة بشروح وتعاليق.</subfield>
  </datafield>
  <datafield tag="880" ind1="1" ind2=" ">
    <subfield code="6">246-04/(3/r</subfield>
    <subfield code="a">Vololumes [2-4] have title:</subfield>
    <subfield code="a">Nashrat majmūʻat al-qawānīn al-Tūnisīyah</subfield>
  </datafield>
  <datafield tag="880" ind1=" " ind2="1">
    <subfield code="6">264-05/(3/r</subfield>
    <subfield code="a">تونس :</subfield>
    <subfield code="b">المطبعة التونسية،</subfield>
    <subfield code="c">1936-[1941]</subfield>
  </datafield>
  <datafield tag="880" ind1=" " ind2=" ">
    <subfield code="6">300-06/(3/r</subfield>
    <subfield code="a">8 اجزاء ؛</subfield>
    <subfield code="c">28 سم</subfield>
  </datafield>
  <datafield tag="880" ind1="1" ind2=" ">
    <subfield code="6">700-07/(3/r</subfield>
    <subfield code="a">السنوسي، محمد طاهر،</subfield>
    <subfield code="0">https://lccn.loc.gov/n83053182 ,</subfield>
    <subfield code="e">معد. </subfield>
    <subfield code="4">com.</subfield>
  </datafield>
  <datafield tag="880" ind1="1" ind2=" ">
    <subfield code="6">700-08/(3/r</subfield>
    <subfield code="a">الاحمر، صالح رضا،</subfield>
    <subfield code="e">معد. </subfield>
    <subfield code="4">com.</subfield>
  </datafield>
  <datafield tag="880" ind1="1" ind2=" ">
    <subfield code="6">700-09/(3/r</subfield>
    <subfield code="a">السبعي، الهاشمي،</subfield>
    <subfield code="d">1904-1984.</subfield>
    <subfield code="0">https://lccn.loc.gov/n2014026901 ,</subfield>
    <subfield code="e">معد. </subfield>
    <subfield code="4">com.</subfield>
  </datafield>
  <datafield tag="907" ind1=" " ind2=" ">
    <subfield code="a">.b12460904</subfield>
    <subfield code="b">19-08-26</subfield>
    <subfield code="c">11-05-24</subfield>
  </datafield>
  <datafield tag="907" ind1=" " ind2=" ">
    <subfield code="a">.b12460904</subfield>
    <subfield code="b">15-10-15</subfield>
    <subfield code="c">11-05-24</subfield>
  </datafield>
  <datafield tag="945" ind1=" " ind2=" ">
    <subfield code="f">J</subfield>
    <subfield code="a">349.611:T92mA:v.1:pt.1</subfield>
    <subfield code="i">01024465</subfield>
    <subfield code="j">.i12941669</subfield>
    <subfield code="l">u0503</subfield>
  </datafield>
  <datafield tag="945" ind1=" " ind2=" ">
    <subfield code="f">J</subfield>
    <subfield code="a">349.611:T92mA:v.1:pt.2</subfield>
    <subfield code="i">01024466</subfield>
    <subfield code="j">.i12941670</subfield>
    <subfield code="l">u0503</subfield>
  </datafield>
  <datafield tag="945" ind1=" " ind2=" ">
    <subfield code="f">J</subfield>
    <subfield code="a">349.611:T92mA:v.2:pt.1</subfield>
    <subfield code="i">01024467</subfield>
    <subfield code="j">.i12941682</subfield>
    <subfield code="l">u0503</subfield>
  </datafield>
  <datafield tag="945" ind1=" " ind2=" ">
    <subfield code="f">J</subfield>
    <subfield code="a">349.611:T92mA:v.2:pt.2</subfield>
    <subfield code="i">01024468</subfield>
    <subfield code="j">.i12941694</subfield>
    <subfield code="l">u0503</subfield>
  </datafield>
  <datafield tag="945" ind1=" " ind2=" ">
    <subfield code="f">J</subfield>
    <subfield code="a">349.611:T92mA:v.3:pt.1</subfield>
    <subfield code="i">01024469</subfield>
    <subfield code="j">.i12941700</subfield>
    <subfield code="l">u0503</subfield>
  </datafield>
  <datafield tag="945" ind1=" " ind2=" ">
    <subfield code="f">J</subfield>
    <subfield code="a">349.611:T92mA:v.3:pt.2</subfield>
    <subfield code="i">01024470</subfield>
    <subfield code="j">.i12941712</subfield>
    <subfield code="l">u0503</subfield>
  </datafield>
  <datafield tag="945" ind1=" " ind2=" ">
    <subfield code="f">J</subfield>
    <subfield code="a">349.611:T92mA:v.3:pt.3</subfield>
    <subfield code="i">01024471</subfield>
    <subfield code="j">.i12941724</subfield>
    <subfield code="l">u0503</subfield>
  </datafield>
  <datafield tag="945" ind1=" " ind2=" ">
    <subfield code="f">J</subfield>
    <subfield code="a">349.611:T92mA:v.3:pt.4</subfield>
    <subfield code="i">01024472</subfield>
    <subfield code="j">.i12941736</subfield>
    <subfield code="l">u0503</subfield>
  </datafield>
  <datafield tag="998" ind1=" " ind2=" ">
    <subfield code="a">u05</subfield>
    <subfield code="b">97-05-24</subfield>
    <subfield code="c">m</subfield>
    <subfield code="d">a  </subfield>
    <subfield code="e">-</subfield>
    <subfield code="f">ara</subfield>
    <subfield code="g">ti </subfield>
    <subfield code="h">0</subfield>
    <subfield code="i">8</subfield>
  </datafield>
</record>
</collection>
